<record><leader>00000cas a22000007a 4500</leader><controlfield tag="001">22199369</controlfield><controlfield tag="008">900809d19811997iluwr ne      0    0eng d</controlfield><datafield ind1=" " ind2=" " tag="010"><subfield code="a">sn 90054632 </subfield></datafield><datafield ind1=" " ind2=" " tag="040"><subfield code="a">NVF</subfield><subfield code="b">eng</subfield><subfield code="c">NVF</subfield><subfield code="d">NVF</subfield><subfield code="d">OCLCF</subfield><subfield code="d">OCLCO</subfield></datafield><datafield ind1="1" ind2=" " tag="029"><subfield code="a">AU@</subfield><subfield code="b">000020631911</subfield></datafield><datafield ind1=" " ind2=" " tag="042"><subfield code="a">msc</subfield></datafield><datafield ind1=" " ind2=" " tag="043"><subfield code="a">n-us-il</subfield></datafield><datafield ind1="0" ind2=" " tag="130"><subfield code="a">Washington reporter (Washington, Ill.)</subfield></datafield><datafield ind1="1" ind2="0" tag="245"><subfield code="a">Washington reporter.</subfield></datafield><datafield ind1=" " ind2=" " tag="260"><subfield code="a">Washington, Ill. :</subfield><subfield code="b">Tazewell Pub. Co.,</subfield><subfield code="c">1981-1997.</subfield></datafield><datafield ind1=" " ind2=" " tag="300"><subfield code="a">v.</subfield></datafield><datafield ind1=" " ind2=" " tag="310"><subfield code="a">Weekly</subfield></datafield><datafield ind1="0" ind2=" " tag="362"><subfield code="a">Vol. 51, no. 17 (Apr. 23, 1981)-v. 64, no. 20 (May 25, 1994) ; v. 154, no. 3 (June 1, 1994)-v. 157, no. 14 (Sept. 24, 1997).</subfield></datafield><datafield ind1=" " ind2="0" tag="651"><subfield code="a">Washington (Ill.)</subfield><subfield code="v">Newspapers.</subfield></datafield><datafield ind1=" " ind2="0" tag="651"><subfield code="a">Germantown Hills (Ill.)</subfield><subfield code="v">Newspapers.</subfield></datafield><datafield ind1=" " ind2="4" tag="651"><subfield code="a">Sunnyland (Ill.)</subfield><subfield code="v">Newspapers.</subfield></datafield><datafield ind1=" " ind2="7" tag="655"><subfield code="a">Newspapers.</subfield><subfield code="2">fast</subfield><subfield code="0">(OCoLC)fst01423814</subfield></datafield><datafield ind1=" " ind2="7" tag="651"><subfield code="a">Illinois</subfield><subfield code="z">Germantown Hills.</subfield><subfield code="2">fast</subfield><subfield code="0">(OCoLC)fst01217949</subfield></datafield><datafield ind1=" " ind2="7" tag="651"><subfield code="a">Illinois</subfield><subfield code="z">Washington.</subfield><subfield code="2">fast</subfield><subfield code="0">(OCoLC)fst01250148</subfield></datafield><datafield ind1=" " ind2=" " tag="752"><subfield code="a">United States</subfield><subfield code="b">Illinois</subfield><subfield code="c">Tazewell</subfield><subfield code="d">Washington.</subfield></datafield><datafield ind1="0" ind2="0" tag="780"><subfield code="t">Tazewell reporter (Washington, Ill.)</subfield><subfield code="w">(DLC)sn 90054627</subfield><subfield code="w">(OCoLC)22199319</subfield></datafield><datafield ind1="0" ind2="0" tag="785"><subfield code="t">Washington times-reporter</subfield><subfield code="w">(DLC)sn2001063237</subfield><subfield code="w">(OCoLC)47647221</subfield></datafield></record>